
  <record>
    <leader>01000aam  22002601a 4500</leader>
    <controlfield tag="001">YPZ15804</controlfield>
    <controlfield tag="003">YPZ</controlfield>
    <controlfield tag="005">200610111355500</controlfield>
    <controlfield tag="008">061011|###########||||||b||||||||||spa|d</controlfield>
    <datafield tag="040" ind1=" " ind2=" ">
      <subfield code="c">SIUNPA</subfield>
    </datafield>
    <datafield tag="080" ind1=" " ind2=" ">
      <subfield code="a">304.4 LAV</subfield>
    </datafield>
    <datafield tag="100" ind1=" " ind2=" ">
      <subfield code="a">Lavados Ivan.</subfield>
    </datafield>
    <datafield tag="245" ind1=" " ind2=" ">
      <subfield code="a">Evolución de las politicas sociales en Chile. 1964-1980</subfield>
    </datafield>
    <datafield tag="260" ind1=" " ind2=" ">
      <subfield code="a">Santiago de Chile</subfield>
      <subfield code="b"> : Unicef</subfield>
      <subfield code="c"> , 1983</subfield>
    </datafield>
    <datafield tag="942" ind1=" " ind2=" ">
      <subfield code="c">BK</subfield>
    </datafield>
    <datafield tag="952" ind1=" " ind2=" ">
      <subfield code="a">BIB_RECT</subfield>
      <subfield code="b">BIB_UASJ</subfield>
      <subfield code="d">2006-10-12</subfield>
      <subfield code="y">BK</subfield>
      <subfield code="p">04-00455</subfield>
      <subfield code="i">04-00455</subfield>
      <subfield code="g"/>
      <subfield code="o">304.4 LAV</subfield>
      <subfield code="e"/>
      <subfield code="8">CG</subfield>
    </datafield>
  </record>