
  <record>
    <leader>01000aam  22002601a 4500</leader>
    <controlfield tag="001">YPZ15813</controlfield>
    <controlfield tag="003">YPZ</controlfield>
    <controlfield tag="005">200610111355500</controlfield>
    <controlfield tag="008">061011|###########||||||b||||||||||spa|d</controlfield>
    <datafield tag="040" ind1=" " ind2=" ">
      <subfield code="c">SIUNPA</subfield>
    </datafield>
    <datafield tag="080" ind1=" " ind2=" ">
      <subfield code="a">37.02:51 CHA</subfield>
    </datafield>
    <datafield tag="100" ind1=" " ind2=" ">
      <subfield code="a">Chadwick Mariana.</subfield>
    </datafield>
    <datafield tag="245" ind1=" " ind2=" ">
      <subfield code="a">Dificultades en el aprendizaje de las matematicas</subfield>
    </datafield>
    <datafield tag="260" ind1=" " ind2=" ">
      <subfield code="a">Santiago de Chile</subfield>
      <subfield code="b"> : universidad Catolica de Chile</subfield>
      <subfield code="c"> , 1986</subfield>
    </datafield>
    <datafield tag="942" ind1=" " ind2=" ">
      <subfield code="c">BK</subfield>
    </datafield>
    <datafield tag="952" ind1=" " ind2=" ">
      <subfield code="a">BIB_RECT</subfield>
      <subfield code="b">BIB_UASJ</subfield>
      <subfield code="d">2006-10-12</subfield>
      <subfield code="y">BK</subfield>
      <subfield code="p">04-00471</subfield>
      <subfield code="i">04-00471</subfield>
      <subfield code="g"/>
      <subfield code="o">37.02:51 CHA</subfield>
      <subfield code="e"/>
      <subfield code="8">CG</subfield>
    </datafield>
  </record>