
  <record>
    <leader>01000aam  22002601a 4500</leader>
    <controlfield tag="001">YPZ16080</controlfield>
    <controlfield tag="003">YPZ</controlfield>
    <controlfield tag="005">200610111355510</controlfield>
    <controlfield tag="008">061011|###########||||||b||||||||||spa|d</controlfield>
    <datafield tag="020" ind1=" " ind2=" ">
      <subfield code="a">8449301130</subfield>
    </datafield>
    <datafield tag="040" ind1=" " ind2=" ">
      <subfield code="c">SIUNPA</subfield>
    </datafield>
    <datafield tag="044" ind1=" " ind2=" ">
      <subfield code="a">ES</subfield>
    </datafield>
    <datafield tag="080" ind1=" " ind2=" ">
      <subfield code="a">7.01 GAR</subfield>
    </datafield>
    <datafield tag="100" ind1=" " ind2=" ">
      <subfield code="a">Gardner Howard.</subfield>
    </datafield>
    <datafield tag="245" ind1=" " ind2=" ">
      <subfield code="a">Mentes creativas, Una anatomía de la creatividad vista a través de las vidas de: Sigmund|Freud. Albert Einstein, Pablo Picasso, Igor Stravisky, T.S. Eliot, Martha Graham, Mahatma Gandhi</subfield>
      <subfield code="b"> : Una anatomía de la creatividad vista a través de las vidas de: Sigmund Freud. Albert|Einstein, Pablo Picasso, Igor Stravisky, T.S. Eliot, Martha Graham, Mahatma Gandhi</subfield>
    </datafield>
    <datafield tag="260" ind1=" " ind2=" ">
      <subfield code="a">Barcelona</subfield>
      <subfield code="b"> : Paidós</subfield>
      <subfield code="c"> , 1995</subfield>
    </datafield>
    <datafield tag="942" ind1=" " ind2=" ">
      <subfield code="c">BK</subfield>
    </datafield>
    <datafield tag="952" ind1=" " ind2=" ">
      <subfield code="a">BIB_RECT</subfield>
      <subfield code="b">BIB_UASJ</subfield>
      <subfield code="d">2006-10-12</subfield>
      <subfield code="y">BK</subfield>
      <subfield code="p">04-00948</subfield>
      <subfield code="i">04-00948</subfield>
      <subfield code="g"/>
      <subfield code="o">7.01 GAR</subfield>
      <subfield code="e"/>
      <subfield code="8">CG</subfield>
    </datafield>
  </record>