
  <record>
    <leader>01000aam  22002601a 4500</leader>
    <controlfield tag="001">YPZ16423</controlfield>
    <controlfield tag="003">YPZ</controlfield>
    <controlfield tag="005">200610111355510</controlfield>
    <controlfield tag="008">061011|###########||||||b||||||||||spa|d</controlfield>
    <datafield tag="020" ind1=" " ind2=" ">
      <subfield code="a">8477380619</subfield>
    </datafield>
    <datafield tag="040" ind1=" " ind2=" ">
      <subfield code="c">SIUNPA</subfield>
    </datafield>
    <datafield tag="080" ind1=" " ind2=" ">
      <subfield code="a">372.8:51 EST</subfield>
    </datafield>
    <datafield tag="100" ind1=" " ind2=" ">
      <subfield code="a">Castro Martinez [et.al] Encarnación.</subfield>
    </datafield>
    <datafield tag="245" ind1=" " ind2=" ">
      <subfield code="a">Estimación en cálculo y medida</subfield>
    </datafield>
    <datafield tag="260" ind1=" " ind2=" ">
      <subfield code="a">Madrid</subfield>
      <subfield code="b"> : Síntesis</subfield>
      <subfield code="c"> , 1989</subfield>
    </datafield>
    <datafield tag="440" ind1=" " ind2=" ">
      <subfield code="a">Horizontes alternativos para los docentes II</subfield>
      <subfield code="a">T'amu Joscueca</subfield>
      <subfield code="a">Lea: lenguaje, escritura, alfabetización</subfield>
      <subfield code="a">Aprendizaje</subfield>
      <subfield code="a">McGraw-Hill de Management</subfield>
      <subfield code="a">Proyecto didáctico Quirón, nº 6</subfield>
      <subfield code="a">Estudios Durkhemnianos I</subfield>
      <subfield code="a">Aprendizaje</subfield>
      <subfield code="a">Matemáticas: cultura y aprendizaje</subfield>
      <subfield code="v">9</subfield>
    </datafield>
    <datafield tag="490" ind1=" " ind2=" ">
      <subfield code="a">Horizontes alternativos para los docentes II</subfield>
      <subfield code="a">T'amu Joscueca</subfield>
      <subfield code="a">Lea: lenguaje, escritura, alfabetización</subfield>
      <subfield code="a">Aprendizaje</subfield>
      <subfield code="a">McGraw-Hill de Management</subfield>
      <subfield code="a">Proyecto didáctico Quirón, nº 6</subfield>
      <subfield code="a">Estudios Durkhemnianos I</subfield>
      <subfield code="a">Aprendizaje</subfield>
      <subfield code="a">Matemáticas: cultura y aprendizaje</subfield>
      <subfield code="v">9</subfield>
    </datafield>
    <datafield tag="440" ind1=" " ind2=" ">
      <subfield code="v">9</subfield>
    </datafield>
    <datafield tag="490" ind1=" " ind2=" ">
      <subfield code="v">9</subfield>
    </datafield>
    <datafield tag="942" ind1=" " ind2=" ">
      <subfield code="c">BK</subfield>
    </datafield>
    <datafield tag="952" ind1=" " ind2=" ">
      <subfield code="a">BIB_RECT</subfield>
      <subfield code="b">BIB_UACO</subfield>
      <subfield code="d">2006-12-07</subfield>
      <subfield code="y">BK</subfield>
      <subfield code="p">02-04489</subfield>
      <subfield code="i">02-04489</subfield>
      <subfield code="g">0</subfield>
      <subfield code="o">372.8:51 EST</subfield>
      <subfield code="e"/>
      <subfield code="8">CG</subfield>
    </datafield>
    <datafield tag="952" ind1=" " ind2=" ">
      <subfield code="a">BIB_RECT</subfield>
      <subfield code="b">BIB_UASJ</subfield>
      <subfield code="d">2006-10-12</subfield>
      <subfield code="y">BK</subfield>
      <subfield code="p">04-01551</subfield>
      <subfield code="i">04-01551</subfield>
      <subfield code="g"/>
      <subfield code="o">372.8:51 EST</subfield>
      <subfield code="e"/>
      <subfield code="8">CG</subfield>
    </datafield>
  </record>