
  <record>
    <leader>01000aam  22002601a 4500</leader>
    <controlfield tag="001">YPZ16469</controlfield>
    <controlfield tag="003">YPZ</controlfield>
    <controlfield tag="005">200610111355520</controlfield>
    <controlfield tag="008">061011|###########||||||b||||||||||spa|d</controlfield>
    <datafield tag="020" ind1=" " ind2=" ">
      <subfield code="a">8484425029</subfield>
    </datafield>
    <datafield tag="040" ind1=" " ind2=" ">
      <subfield code="c">SIUNPA</subfield>
    </datafield>
    <datafield tag="080" ind1=" " ind2=" ">
      <subfield code="a">355.01 GAR</subfield>
    </datafield>
    <datafield tag="100" ind1=" " ind2=" ">
      <subfield code="a">García Caneiro Jose.</subfield>
    </datafield>
    <datafield tag="700" ind1=" " ind2=" ">
      <subfield code="a">Vidarte Francisco Javier.</subfield>
    </datafield>
    <datafield tag="245" ind1=" " ind2=" ">
      <subfield code="a">Guerra y filosofía, concepciones de la guerra en la historia del pensamiento</subfield>
      <subfield code="b"> : concepciones de la guerra en la historia del pensamiento</subfield>
    </datafield>
    <datafield tag="260" ind1=" " ind2=" ">
      <subfield code="a">Valencia</subfield>
      <subfield code="b"> : Tirant lo blanc</subfield>
      <subfield code="c"> , 2002</subfield>
    </datafield>
    <datafield tag="942" ind1=" " ind2=" ">
      <subfield code="c">BK</subfield>
    </datafield>
    <datafield tag="952" ind1=" " ind2=" ">
      <subfield code="a">BIB_RECT</subfield>
      <subfield code="b">BIB_UASJ</subfield>
      <subfield code="d">2006-10-12</subfield>
      <subfield code="y">BK</subfield>
      <subfield code="p">04-01580</subfield>
      <subfield code="i">04-01580</subfield>
      <subfield code="g"/>
      <subfield code="o">355.01 GAR</subfield>
      <subfield code="e"/>
      <subfield code="8">CG</subfield>
    </datafield>
  </record>