
  <record>
    <leader>01000aam  22002601a 4500</leader>
    <controlfield tag="001">YPZ16512</controlfield>
    <controlfield tag="003">YPZ</controlfield>
    <controlfield tag="005">200610111355520</controlfield>
    <controlfield tag="008">061011|###########||||||b||||||||||spa|d</controlfield>
    <datafield tag="020" ind1=" " ind2=" ">
      <subfield code="a">9684291663</subfield>
    </datafield>
    <datafield tag="040" ind1=" " ind2=" ">
      <subfield code="c">SIUNPA</subfield>
    </datafield>
    <datafield tag="080" ind1=" " ind2=" ">
      <subfield code="a">37.014 PUI</subfield>
    </datafield>
    <datafield tag="100" ind1=" " ind2=" ">
      <subfield code="a">Puiggrós  Adriana.</subfield>
    </datafield>
    <datafield tag="245" ind1=" " ind2=" ">
      <subfield code="a">Imperialismo y educación en América Latina</subfield>
    </datafield>
    <datafield tag="250" ind1=" " ind2=" ">
      <subfield code="a">4a ed.</subfield>
    </datafield>
    <datafield tag="260" ind1=" " ind2=" ">
      <subfield code="a">México, D.F.</subfield>
      <subfield code="b"> : Nueva Imagen</subfield>
      <subfield code="c"> , 1985</subfield>
    </datafield>
    <datafield tag="942" ind1=" " ind2=" ">
      <subfield code="c">BK</subfield>
    </datafield>
    <datafield tag="952" ind1=" " ind2=" ">
      <subfield code="a">BIB_RECT</subfield>
      <subfield code="b">BIB_UASJ</subfield>
      <subfield code="d">2006-10-12</subfield>
      <subfield code="y">BK</subfield>
      <subfield code="p">04-01412</subfield>
      <subfield code="i">04-01412</subfield>
      <subfield code="g"/>
      <subfield code="o">37.014 PUI</subfield>
      <subfield code="e"/>
      <subfield code="8">CG</subfield>
    </datafield>
  </record>