
  <record>
    <leader>01000aam  22002601a 4500</leader>
    <controlfield tag="001">YPZ16539</controlfield>
    <controlfield tag="003">YPZ</controlfield>
    <controlfield tag="005">200610111355520</controlfield>
    <controlfield tag="008">061011|###########||||||b||||||||||spa|d</controlfield>
    <datafield tag="040" ind1=" " ind2=" ">
      <subfield code="c">SIUNPA</subfield>
    </datafield>
    <datafield tag="080" ind1=" " ind2=" ">
      <subfield code="a">658.3 NEC</subfield>
    </datafield>
    <datafield tag="245" ind1=" " ind2=" ">
      <subfield code="a">Necesidades de formación continua de titulares de empresas afiliados al R.E.T.A. en|Extremadura</subfield>
    </datafield>
    <datafield tag="260" ind1=" " ind2=" ">
      <subfield code="a">Badajoz</subfield>
      <subfield code="b"> : Confederación de Organizaciones empresariales de la provincia de Badajoz</subfield>
    </datafield>
    <datafield tag="942" ind1=" " ind2=" ">
      <subfield code="c">BK</subfield>
    </datafield>
    <datafield tag="952" ind1=" " ind2=" ">
      <subfield code="a">BIB_RECT</subfield>
      <subfield code="b">BIB_UASJ</subfield>
      <subfield code="d">2006-10-12</subfield>
      <subfield code="y">BK</subfield>
      <subfield code="p">04-01638</subfield>
      <subfield code="i">04-01638</subfield>
      <subfield code="g"/>
      <subfield code="o">658.3 NEC</subfield>
      <subfield code="e"/>
      <subfield code="8">CG</subfield>
    </datafield>
  </record>