
  <record>
    <leader>01000aam  22002601a 4500</leader>
    <controlfield tag="001">YPZ16586</controlfield>
    <controlfield tag="003">YPZ</controlfield>
    <controlfield tag="005">200610131954450</controlfield>
    <controlfield tag="008">061013|###########||||||b||||||||||spa|d</controlfield>
    <datafield tag="020" ind1=" " ind2=" ">
      <subfield code="a">8428103038</subfield>
    </datafield>
    <datafield tag="040" ind1=" " ind2=" ">
      <subfield code="c">SIUNPA</subfield>
    </datafield>
    <datafield tag="041" ind1=" " ind2=" ">
      <subfield code="a">spa</subfield>
    </datafield>
    <datafield tag="044" ind1=" " ind2=" ">
      <subfield code="a">ES</subfield>
    </datafield>
    <datafield tag="080" ind1=" " ind2=" ">
      <subfield code="a">911 D665e3</subfield>
    </datafield>
    <datafield tag="100" ind1=" " ind2=" ">
      <subfield code="a">Dollfus, Olivier.</subfield>
    </datafield>
    <datafield tag="245" ind1=" " ind2=" ">
      <subfield code="a">El espacio geográfico</subfield>
      <subfield code="c"> / Bas, Damiá de, tr.</subfield>
    </datafield>
    <datafield tag="250" ind1=" " ind2=" ">
      <subfield code="a">3a ed.</subfield>
    </datafield>
    <datafield tag="260" ind1=" " ind2=" ">
      <subfield code="a">Barcelona</subfield>
      <subfield code="b"> : Oikos-Tau</subfield>
      <subfield code="c"> , 1990</subfield>
    </datafield>
    <datafield tag="440" ind1=" " ind2=" ">
      <subfield code="a">Varia</subfield>
      <subfield code="a">Varia</subfield>
      <subfield code="a">Proyecto Manes</subfield>
      <subfield code="a">Temas salmantinos</subfield>
      <subfield code="a">Mileto-ensayo</subfield>
      <subfield code="a">Colección alternativas en salud mental</subfield>
      <subfield code="a">¿Qué sé?. Nueva serie</subfield>
      <subfield code="v">111</subfield>
    </datafield>
    <datafield tag="490" ind1=" " ind2=" ">
      <subfield code="a">Varia</subfield>
      <subfield code="a">Varia</subfield>
      <subfield code="a">Proyecto Manes</subfield>
      <subfield code="a">Temas salmantinos</subfield>
      <subfield code="a">Mileto-ensayo</subfield>
      <subfield code="a">Colección alternativas en salud mental</subfield>
      <subfield code="a">¿Qué sé?. Nueva serie</subfield>
      <subfield code="v">111</subfield>
    </datafield>
    <datafield tag="650" ind1=" " ind2=" ">
      <subfield code="a"> ESPACIO GEOGRAFICO</subfield>
    </datafield>
    <datafield tag="650" ind1=" " ind2=" ">
      <subfield code="a"> ESPACIO URBANO</subfield>
    </datafield>
    <datafield tag="650" ind1=" " ind2=" ">
      <subfield code="a"> GEOGRAFIA HUMANA</subfield>
    </datafield>
    <datafield tag="650" ind1=" " ind2=" ">
      <subfield code="a"> ESPACIO RURAL</subfield>
    </datafield>
    <datafield tag="942" ind1=" " ind2=" ">
      <subfield code="c">BK</subfield>
    </datafield>
    <datafield tag="952" ind1=" " ind2=" ">
      <subfield code="a">BIB_RECT</subfield>
      <subfield code="b">BIB_UARG</subfield>
      <subfield code="d">2006-10-13</subfield>
      <subfield code="y">BK</subfield>
      <subfield code="p">05-14046</subfield>
      <subfield code="i">05-14046</subfield>
      <subfield code="g">20</subfield>
      <subfield code="o">911 D665e3</subfield>
      <subfield code="e">UARG</subfield>
      <subfield code="8">CG</subfield>
    </datafield>
    <datafield tag="952" ind1=" " ind2=" ">
      <subfield code="a">BIB_RECT</subfield>
      <subfield code="b">BIB_UARG</subfield>
      <subfield code="d">2006-10-13</subfield>
      <subfield code="y">BK</subfield>
      <subfield code="p">05-14047</subfield>
      <subfield code="i">05-14047</subfield>
      <subfield code="g">20</subfield>
      <subfield code="o">911 D665e3</subfield>
      <subfield code="e">UARG</subfield>
      <subfield code="8">CG</subfield>
    </datafield>
    <datafield tag="952" ind1=" " ind2=" ">
      <subfield code="a">BIB_RECT</subfield>
      <subfield code="b">BIB_UARG</subfield>
      <subfield code="d">2006-10-13</subfield>
      <subfield code="y">BK</subfield>
      <subfield code="p">05-14048</subfield>
      <subfield code="i">05-14048</subfield>
      <subfield code="g">20</subfield>
      <subfield code="o">911 D665e3</subfield>
      <subfield code="e">UARG</subfield>
      <subfield code="8">CG</subfield>
    </datafield>
    <datafield tag="952" ind1=" " ind2=" ">
      <subfield code="a">BIB_RECT</subfield>
      <subfield code="b">BIB_UARG</subfield>
      <subfield code="d">2006-10-13</subfield>
      <subfield code="y">BK</subfield>
      <subfield code="p">05-14049</subfield>
      <subfield code="i">05-14049</subfield>
      <subfield code="g">20</subfield>
      <subfield code="o">911 D665e3</subfield>
      <subfield code="e">UARG</subfield>
      <subfield code="8">CG</subfield>
    </datafield>
  </record>