
  <record>
    <leader>01000aam  22002601a 4500</leader>
    <controlfield tag="001">YPZ16597</controlfield>
    <controlfield tag="003">YPZ</controlfield>
    <controlfield tag="005">200610181110200</controlfield>
    <controlfield tag="008">061018|###########||||||b||||||||||spa|d</controlfield>
    <datafield tag="020" ind1=" " ind2=" ">
      <subfield code="a">968444317X</subfield>
    </datafield>
    <datafield tag="040" ind1=" " ind2=" ">
      <subfield code="c">SIUNPA</subfield>
    </datafield>
    <datafield tag="041" ind1=" " ind2=" ">
      <subfield code="a">spa</subfield>
    </datafield>
    <datafield tag="044" ind1=" " ind2=" ">
      <subfield code="a">MX</subfield>
    </datafield>
    <datafield tag="080" ind1=" " ind2=" ">
      <subfield code="a">519.2 H642e3</subfield>
    </datafield>
    <datafield tag="100" ind1=" " ind2=" ">
      <subfield code="a">Hildebrand, Davis K..</subfield>
    </datafield>
    <datafield tag="700" ind1=" " ind2=" ">
      <subfield code="a">Ott, Lyman.</subfield>
    </datafield>
    <datafield tag="245" ind1=" " ind2=" ">
      <subfield code="a">Estadística aplicada a la administración y a la economía</subfield>
      <subfield code="b"> : tercera edición</subfield>
      <subfield code="c"> / Torres Alcaraz, Carlos, versión en español ; Alonso Antón, Aurora, colaboración técnica</subfield>
    </datafield>
    <datafield tag="250" ind1=" " ind2=" ">
      <subfield code="a">3a ed., 1a reimpr.</subfield>
    </datafield>
    <datafield tag="260" ind1=" " ind2=" ">
      <subfield code="a">México, D.F.</subfield>
      <subfield code="b"> : Addison-Wesley Longman</subfield>
      <subfield code="c"> , 1998</subfield>
    </datafield>
    <datafield tag="300" ind1=" " ind2=" ">
      <subfield code="a">310 p. : </subfield>
      <subfield code="b">il. ; </subfield>
      <subfield code="a">xiii, 331 p. : </subfield>
      <subfield code="a">653 p. : </subfield>
      <subfield code="b">il. ; </subfield>
      <subfield code="a">857 p. : </subfield>
      <subfield code="a">127 p. : </subfield>
      <subfield code="a">159 p. : </subfield>
      <subfield code="b">il. ; </subfield>
      <subfield code="a">416 p. : </subfield>
      <subfield code="b">il. ; </subfield>
      <subfield code="a">508 p. : </subfield>
      <subfield code="a">169 p. : </subfield>
      <subfield code="b">il. ; </subfield>
      <subfield code="a">375 p. : </subfield>
      <subfield code="a">444 p. : </subfield>
      <subfield code="b">il. ; </subfield>
      <subfield code="a">321 p. : </subfield>
      <subfield code="a">Material fotocopiado : </subfield>
      <subfield code="a">210 p. : </subfield>
      <subfield code="a">145 p. : </subfield>
      <subfield code="a">xxviii, 1051 p. : </subfield>
      <subfield code="b">il. ; </subfield>
      <subfield code="a">108 p. : </subfield>
      <subfield code="a">256 p. : </subfield>
      <subfield code="a">1.210 pag. : </subfield>
      <subfield code="a">1.875 pag. : </subfield>
      <subfield code="a">857 pag. ; 22 cmm : </subfield>
      <subfield code="a">437 pag. ; 21 cm. : </subfield>
      <subfield code="a">303 p. : </subfield>
      <subfield code="a">112 p. : </subfield>
      <subfield code="a">343 p. : </subfield>
      <subfield code="a">309 p. : </subfield>
      <subfield code="a">905 p. : </subfield>
      <subfield code="a">122 p. : </subfield>
      <subfield code="a">192 p. : </subfield>
      <subfield code="b">il. ; </subfield>
      <subfield code="a">130 p. : </subfield>
      <subfield code="a">468 p. : </subfield>
      <subfield code="a">578 p. : </subfield>
      <subfield code="a">222 P. : </subfield>
      <subfield code="a">216 p. il : </subfield>
      <subfield code="a">484 p. : </subfield>
      <subfield code="a">983 p. : </subfield>
      <subfield code="a">477 p. : </subfield>
      <subfield code="a">276 p. : </subfield>
      <subfield code="a">202 p. : </subfield>
      <subfield code="a">346 p. : </subfield>
      <subfield code="a">705 p. : </subfield>
      <subfield code="a">365 p. : </subfield>
      <subfield code="a">995 p. : </subfield>
      <subfield code="a">792 p. : </subfield>
      <subfield code="a">336 p. : </subfield>
      <subfield code="a">119 p. : </subfield>
      <subfield code="a">298 p. : </subfield>
      <subfield code="a">95 p. : </subfield>
      <subfield code="a">158 p. : </subfield>
      <subfield code="a">299 p. : </subfield>
      <subfield code="a">207 p. : </subfield>
      <subfield code="a">109 p. : </subfield>
      <subfield code="a">391 p. : </subfield>
      <subfield code="a">188 p. : </subfield>
      <subfield code="a">420 p. : </subfield>
      <subfield code="a">218 p. : </subfield>
      <subfield code="a">438 p. : </subfield>
      <subfield code="a">229 p. : </subfield>
      <subfield code="a">396 p. : </subfield>
      <subfield code="a">187 p. : </subfield>
      <subfield code="a">137 p. : </subfield>
      <subfield code="a">1006 p. : </subfield>
      <subfield code="a">214 p. : </subfield>
      <subfield code="a">212 p. : </subfield>
      <subfield code="a">282 p. : </subfield>
      <subfield code="a">47 p. il : </subfield>
      <subfield code="a">213 p. : </subfield>
      <subfield code="a">174 p. : </subfield>
      <subfield code="a">320 p. : </subfield>
      <subfield code="a">103 p. : </subfield>
      <subfield code="a">154 p. : </subfield>
      <subfield code="a">506 p. : </subfield>
      <subfield code="a">253 p. : </subfield>
      <subfield code="a">115 p. : </subfield>
      <subfield code="a">117 p. : </subfield>
      <subfield code="a">167 p. : </subfield>
      <subfield code="a">150 p. : </subfield>
      <subfield code="a">246 p. : </subfield>
      <subfield code="a">246 p. : </subfield>
      <subfield code="a">91 p. : </subfield>
      <subfield code="a">130 p. : </subfield>
      <subfield code="a">148 p. : </subfield>
      <subfield code="a">340 p. : </subfield>
      <subfield code="a">199 p. : </subfield>
      <subfield code="a">141 p. : </subfield>
      <subfield code="a">181 p. : </subfield>
      <subfield code="a">423 p. : </subfield>
      <subfield code="a">105 p. : </subfield>
      <subfield code="a">265 p. : </subfield>
      <subfield code="a">79 p. il. : </subfield>
      <subfield code="a">280 p. : </subfield>
      <subfield code="a">89 p. : </subfield>
      <subfield code="a">161 p. : </subfield>
      <subfield code="a">292 p. : </subfield>
      <subfield code="a">446 p. : </subfield>
      <subfield code="a">331 p. : </subfield>
      <subfield code="a">248 p. : </subfield>
      <subfield code="a">192 p. : </subfield>
      <subfield code="a">288 p. : </subfield>
      <subfield code="a">140 p. : </subfield>
      <subfield code="a">445 p. : </subfield>
      <subfield code="a">144 p. : </subfield>
      <subfield code="a">310 p. : </subfield>
      <subfield code="a">131 p. : </subfield>
      <subfield code="a">119 p. : </subfield>
      <subfield code="a">96 p. : </subfield>
      <subfield code="a">115 p. : </subfield>
      <subfield code="a">1.064 p. : </subfield>
      <subfield code="a">208 p. : </subfield>
      <subfield code="a">143 p. : </subfield>
      <subfield code="a">232 p. : </subfield>
      <subfield code="a">230 p. : </subfield>
      <subfield code="a">144 p. : </subfield>
      <subfield code="a">152 p. : </subfield>
      <subfield code="a">163 p. : </subfield>
      <subfield code="a">150 p. : </subfield>
      <subfield code="a">188 p. : </subfield>
      <subfield code="a">215 p. : </subfield>
      <subfield code="a">140 p. : </subfield>
      <subfield code="a">207 p. : </subfield>
      <subfield code="a">175 p. : </subfield>
      <subfield code="a">239 p. : </subfield>
      <subfield code="a">173 p. : </subfield>
      <subfield code="a">168 p. : </subfield>
      <subfield code="a">200 p. : </subfield>
      <subfield code="a">v.I ; 620 p. : </subfield>
      <subfield code="a">248 p. : </subfield>
      <subfield code="a">216 p. : </subfield>
      <subfield code="a">312 p. : </subfield>
      <subfield code="a">456 p. : </subfield>
      <subfield code="a">224 p. : </subfield>
      <subfield code="a">453 p. : </subfield>
      <subfield code="a">287 p. : </subfield>
      <subfield code="a">420 p. : </subfield>
      <subfield code="a">231 p. : </subfield>
      <subfield code="a">143 p. : </subfield>
      <subfield code="a">229 p. : </subfield>
      <subfield code="a">228 p. : </subfield>
      <subfield code="a">237 p. : </subfield>
      <subfield code="a">261 p. : </subfield>
      <subfield code="a">238 p. : </subfield>
      <subfield code="a">326 p. : </subfield>
      <subfield code="a">364 p. : </subfield>
      <subfield code="a">412 p. : </subfield>
      <subfield code="a">317 p. : </subfield>
      <subfield code="a">213 p. : </subfield>
      <subfield code="a">278 p. : </subfield>
      <subfield code="a">328 p. : </subfield>
      <subfield code="a">196 p. : </subfield>
      <subfield code="a">225 p. : </subfield>
      <subfield code="a">240 p. : </subfield>
      <subfield code="a">368 p. : </subfield>
      <subfield code="a">187 p. : </subfield>
      <subfield code="a">174 p. : </subfield>
      <subfield code="a">110 p. : </subfield>
      <subfield code="a">312 p. : </subfield>
      <subfield code="a">398 p. : </subfield>
      <subfield code="a">287 p. : </subfield>
      <subfield code="a">335 p. : </subfield>
      <subfield code="a">271 p. : </subfield>
      <subfield code="a">752 p. : </subfield>
      <subfield code="b">il. ; </subfield>
      <subfield code="a">434 p. ; il. : </subfield>
      <subfield code="a">197 p. : </subfield>
      <subfield code="a">142 p. : </subfield>
      <subfield code="a">296 p. : </subfield>
      <subfield code="a">viii, 674 p. : </subfield>
      <subfield code="a">89 p. : </subfield>
      <subfield code="a">194 p. : </subfield>
      <subfield code="a">224 p. : </subfield>
      <subfield code="a">272 p. : </subfield>
      <subfield code="a">121 p. : </subfield>
      <subfield code="a">245 p. : </subfield>
      <subfield code="a">156 p. : </subfield>
      <subfield code="a">422 p. : </subfield>
      <subfield code="a">217 p. : </subfield>
      <subfield code="a">529 p. : </subfield>
      <subfield code="a">543 p. : </subfield>
      <subfield code="a">139 p. : </subfield>
      <subfield code="a">181 p. : </subfield>
      <subfield code="a">318 p. : </subfield>
      <subfield code="a">198p. : </subfield>
      <subfield code="a">451 p. : </subfield>
      <subfield code="a">293 p. : </subfield>
      <subfield code="a">183 p. : </subfield>
      <subfield code="a">191 p. : </subfield>
      <subfield code="a">125 p. : </subfield>
      <subfield code="a">2 v.(691, 731 p. : </subfield>
      <subfield code="a">672 p. : </subfield>
      <subfield code="a">632 p. : </subfield>
      <subfield code="a">196 p. : </subfield>
      <subfield code="a">295 p. : </subfield>
      <subfield code="a">128 p. : </subfield>
      <subfield code="a">131 p. : </subfield>
      <subfield code="a">182 p. : </subfield>
      <subfield code="a">412 p. : </subfield>
      <subfield code="a">371 p. : </subfield>
      <subfield code="a">174 p. : </subfield>
      <subfield code="a">379 p. : </subfield>
      <subfield code="a">291 p. : </subfield>
      <subfield code="a">246 p. : </subfield>
      <subfield code="a">223 p. : </subfield>
      <subfield code="a">238 p. : </subfield>
      <subfield code="a">167 p. : </subfield>
      <subfield code="a">245 p. : </subfield>
      <subfield code="a">449 p. : </subfield>
      <subfield code="a">924 p. : </subfield>
      <subfield code="a">314 p. : </subfield>
      <subfield code="a">816 p. : </subfield>
      <subfield code="a">268 p. : </subfield>
      <subfield code="a">490 p. : </subfield>
      <subfield code="a">v.II ; 418 p. : </subfield>
      <subfield code="a">295 p. : </subfield>
      <subfield code="b">il. ; </subfield>
      <subfield code="a">124 p. : </subfield>
      <subfield code="a">129 p. : </subfield>
      <subfield code="a">157 p. : </subfield>
      <subfield code="a">2 v. : </subfield>
      <subfield code="b">il. ; </subfield>
      <subfield code="a">318 p. : </subfield>
      <subfield code="a">144 p. : </subfield>
      <subfield code="a">x, 245 p. : </subfield>
      <subfield code="a">589 p. : </subfield>
      <subfield code="b">il. ; </subfield>
      <subfield code="a">363 p. : </subfield>
      <subfield code="a">139 p. : </subfield>
      <subfield code="b">il. ; </subfield>
      <subfield code="a">xxii, 1278 p. : </subfield>
      <subfield code="a">xviii, 943, [4] p. : </subfield>
      <subfield code="b">il. ; </subfield>
      <subfield code="e">1 disquete (3½) en bolsillo</subfield>
    </datafield>
    <datafield tag="505" ind1=" " ind2=" ">
      <subfield code="a">Contenido del disquete: Datos para problemas</subfield>
    </datafield>
    <datafield tag="650" ind1=" " ind2=" ">
      <subfield code="a"> ESTADISTICA</subfield>
    </datafield>
    <datafield tag="650" ind1=" " ind2=" ">
      <subfield code="a"> ADMINISTRACION DE EMPRESAS</subfield>
    </datafield>
    <datafield tag="650" ind1=" " ind2=" ">
      <subfield code="a"> ECONOMIA</subfield>
    </datafield>
    <datafield tag="942" ind1=" " ind2=" ">
      <subfield code="c">BK</subfield>
    </datafield>
    <datafield tag="952" ind1=" " ind2=" ">
      <subfield code="a">BIB_RECT</subfield>
      <subfield code="b">BIB_UACO</subfield>
      <subfield code="d">2006-12-11</subfield>
      <subfield code="y">BK</subfield>
      <subfield code="p">02-08028</subfield>
      <subfield code="i">02-08028</subfield>
      <subfield code="g">0</subfield>
      <subfield code="o">519.2 H642e3</subfield>
      <subfield code="e"/>
      <subfield code="8">CG</subfield>
    </datafield>
    <datafield tag="952" ind1=" " ind2=" ">
      <subfield code="a">BIB_RECT</subfield>
      <subfield code="b">BIB_UARG</subfield>
      <subfield code="d">2006-10-12</subfield>
      <subfield code="y">BK</subfield>
      <subfield code="p">05-14281</subfield>
      <subfield code="i">05-14281</subfield>
      <subfield code="g">95</subfield>
      <subfield code="o">519.2 H642e3</subfield>
      <subfield code="e">FOMEC585</subfield>
      <subfield code="8">CG</subfield>
    </datafield>
  </record>