
  <record>
    <leader>01000aam  22002601a 4500</leader>
    <controlfield tag="001">YPZ16603</controlfield>
    <controlfield tag="003">YPZ</controlfield>
    <controlfield tag="005">200610181743320</controlfield>
    <controlfield tag="008">061018|###########||||||b||||||||||spa|d</controlfield>
    <datafield tag="020" ind1=" " ind2=" ">
      <subfield code="a">8427404204 (v.1)</subfield>
    </datafield>
    <datafield tag="020" ind1=" " ind2=" ">
      <subfield code="a">8427404212 (v.2)</subfield>
    </datafield>
    <datafield tag="020" ind1=" " ind2=" ">
      <subfield code="a">8427404220 (v.3)</subfield>
    </datafield>
    <datafield tag="020" ind1=" " ind2=" ">
      <subfield code="a">8427405332 (o.c.)</subfield>
    </datafield>
    <datafield tag="040" ind1=" " ind2=" ">
      <subfield code="c">SIUNPA</subfield>
    </datafield>
    <datafield tag="041" ind1=" " ind2=" ">
      <subfield code="a">spa</subfield>
    </datafield>
    <datafield tag="044" ind1=" " ind2=" ">
      <subfield code="a">ES</subfield>
    </datafield>
    <datafield tag="080" ind1=" " ind2=" ">
      <subfield code="a">101.1(091) A122h3</subfield>
    </datafield>
    <datafield tag="100" ind1=" " ind2=" ">
      <subfield code="a">Abbagnano, Nicolás.</subfield>
    </datafield>
    <datafield tag="245" ind1=" " ind2=" ">
      <subfield code="a">Historia de la filosofía</subfield>
      <subfield code="c"> / Estelrich, Juan, tr. ; Pérez Ballestar, J., tr.</subfield>
    </datafield>
    <datafield tag="250" ind1=" " ind2=" ">
      <subfield code="a">3a ed.</subfield>
    </datafield>
    <datafield tag="260" ind1=" " ind2=" ">
      <subfield code="a">Barcelona</subfield>
      <subfield code="b"> : Montaner y Simon</subfield>
      <subfield code="c"> , 1978</subfield>
    </datafield>
    <datafield tag="500" ind1=" " ind2=" ">
      <subfield code="a">Otro subt.: Segunda edición española</subfield>
    </datafield>
    <datafield tag="505" ind1=" " ind2=" ">
      <subfield code="a">Contenido: Sobre la versión castellana - v.1. Filosofía antigua -- Filosofía patrística -- Filosofía escolástica - v.2. La filosofía del Renacimiento -- La filosofia moderrna de los siglos XVII y XVIII - v.3. La filosofía del romanticismo -- La filosofía entre los siglos XIX y XX del romanticismo </subfield>
    </datafield>
    <datafield tag="650" ind1=" " ind2=" ">
      <subfield code="a"> HISTORIA DE LA FILOSOFIA</subfield>
    </datafield>
    <datafield tag="942" ind1=" " ind2=" ">
      <subfield code="c">BK</subfield>
    </datafield>
    <datafield tag="952" ind1=" " ind2=" ">
      <subfield code="a">BIB_RECT</subfield>
      <subfield code="b">BIB_UACO</subfield>
      <subfield code="d">2009-08-04</subfield>
      <subfield code="y">BK</subfield>
      <subfield code="p">02-01013</subfield>
      <subfield code="i">02-01013</subfield>
      <subfield code="g">59</subfield>
      <subfield code="o">101.1(091) A122h3</subfield>
      <subfield code="e">CETCO</subfield>
      <subfield code="8">CG</subfield>
    </datafield>
    <datafield tag="952" ind1=" " ind2=" ">
      <subfield code="a">BIB_RECT</subfield>
      <subfield code="b">BIB_UACO</subfield>
      <subfield code="d">2009-08-04</subfield>
      <subfield code="y">BK</subfield>
      <subfield code="p">02-01014</subfield>
      <subfield code="i">02-01014</subfield>
      <subfield code="g">59</subfield>
      <subfield code="o">101.1(091) A122h3</subfield>
      <subfield code="e">CETCO</subfield>
      <subfield code="8">CG</subfield>
    </datafield>
    <datafield tag="952" ind1=" " ind2=" ">
      <subfield code="a">BIB_RECT</subfield>
      <subfield code="b">BIB_UARG</subfield>
      <subfield code="d">2006-10-12</subfield>
      <subfield code="y">BK</subfield>
      <subfield code="p">05-03934</subfield>
      <subfield code="i">05-03934</subfield>
      <subfield code="g">58</subfield>
      <subfield code="o">101.1(091) A122h3</subfield>
      <subfield code="e">Flia. De Nelly Uribe</subfield>
      <subfield code="8">CG</subfield>
    </datafield>
    <datafield tag="952" ind1=" " ind2=" ">
      <subfield code="a">BIB_RECT</subfield>
      <subfield code="b">BIB_UARG</subfield>
      <subfield code="d">2006-10-12</subfield>
      <subfield code="y">BK</subfield>
      <subfield code="p">05-03967</subfield>
      <subfield code="i">05-03967</subfield>
      <subfield code="g">58</subfield>
      <subfield code="o">101.1(091) A122h3</subfield>
      <subfield code="e">Flia. De Nelly Uribe</subfield>
      <subfield code="8">CG</subfield>
    </datafield>
    <datafield tag="952" ind1=" " ind2=" ">
      <subfield code="a">BIB_RECT</subfield>
      <subfield code="b">BIB_UARG</subfield>
      <subfield code="d">2006-10-12</subfield>
      <subfield code="y">BK</subfield>
      <subfield code="p">05-03968</subfield>
      <subfield code="i">05-03968</subfield>
      <subfield code="g">58</subfield>
      <subfield code="o">101.1(091) A122h3</subfield>
      <subfield code="e">Flia. De Nelly Uribe</subfield>
      <subfield code="8">CG</subfield>
    </datafield>
  </record>