
  <record>
    <leader>01000aam  22002601a 4500</leader>
    <controlfield tag="001">YPZ16621</controlfield>
    <controlfield tag="003">YPZ</controlfield>
    <controlfield tag="005">200610231546340</controlfield>
    <controlfield tag="008">061023|###########||||||b||||||||||spa|d</controlfield>
    <datafield tag="020" ind1=" " ind2=" ">
      <subfield code="a">9879624408 (o.c.)</subfield>
    </datafield>
    <datafield tag="020" ind1=" " ind2=" ">
      <subfield code="a">9879624483 (v.1)</subfield>
    </datafield>
    <datafield tag="020" ind1=" " ind2=" ">
      <subfield code="a">9879624408 (v.2)</subfield>
    </datafield>
    <datafield tag="020" ind1=" " ind2=" ">
      <subfield code="a">9872024502 (v.3)</subfield>
    </datafield>
    <datafield tag="020" ind1=" " ind2=" ">
      <subfield code="a">987202457X (v.4)</subfield>
    </datafield>
    <datafield tag="020" ind1=" " ind2=" ">
      <subfield code="a">9872024581 (v.5)</subfield>
    </datafield>
    <datafield tag="020" ind1=" " ind2=" ">
      <subfield code="a">9789871443116 (v.6)</subfield>
    </datafield>
    <datafield tag="040" ind1=" " ind2=" ">
      <subfield code="c">SIUNPA</subfield>
    </datafield>
    <datafield tag="041" ind1=" " ind2=" ">
      <subfield code="a">spa</subfield>
    </datafield>
    <datafield tag="044" ind1=" " ind2=" ">
      <subfield code="a">AR</subfield>
    </datafield>
    <datafield tag="080" ind1=" " ind2=" ">
      <subfield code="a">639.2 M298m</subfield>
    </datafield>
    <datafield tag="245" ind1=" " ind2=" ">
      <subfield code="a">El mar Argentino y sus recursos pesqueros</subfield>
      <subfield code="c"> / Boschi, Enrique E., ed.</subfield>
    </datafield>
    <datafield tag="250" ind1=" " ind2=" ">
      <subfield code="a">1a ed.</subfield>
    </datafield>
    <datafield tag="260" ind1=" " ind2=" ">
      <subfield code="a">Mar del Plata</subfield>
      <subfield code="b"> : INIDEP</subfield>
      <subfield code="c"> , 1997-2016</subfield>
    </datafield>
    <datafield tag="500" ind1=" " ind2=" ">
      <subfield code="a">El año de impresión varía según el ejemplar</subfield>
    </datafield>
    <datafield tag="505" ind1=" " ind2=" ">
      <subfield code="a">Contenido: v.1. Antecedentes históricos de las exploraciones en el mar y las características ambientales - v.2. Los moluscos de interés pesquero -- Cultivos y estrategias reproductivas de bivalvos y equinoideos -- v.3. Evolución de la flota pesquera argentina, artes de pesca y dispositivos selectivos -- v.4. Los peces marinos de interés pesquero. Caracterización biológica y evaluación del estado de explotación -- v.5. El ecosistema marino -- V.6. Los crutáceos de interés pesquero y otras especies relevantes en los ecosistemas marinos</subfield>
    </datafield>
    <datafield tag="650" ind1=" " ind2=" ">
      <subfield code="a"> RECURSOS PESQUEROS</subfield>
    </datafield>
    <datafield tag="650" ind1=" " ind2=" ">
      <subfield code="a"> METODOS DE PESCA</subfield>
    </datafield>
    <datafield tag="650" ind1=" " ind2=" ">
      <subfield code="a"> PECES </subfield>
    </datafield>
    <datafield tag="650" ind1=" " ind2=" ">
      <subfield code="a"> PESCA</subfield>
    </datafield>
    <datafield tag="650" ind1=" " ind2=" ">
      <subfield code="a"> CRIA DE MOLUSCOS </subfield>
    </datafield>
    <datafield tag="650" ind1=" " ind2=" ">
      <subfield code="a"> MOLUSCOS</subfield>
    </datafield>
    <datafield tag="650" ind1=" " ind2=" ">
      <subfield code="a"> MAR ARGENTINO </subfield>
    </datafield>
    <datafield tag="650" ind1=" " ind2=" ">
      <subfield code="a"> ARGENTINA</subfield>
    </datafield>
    <datafield tag="942" ind1=" " ind2=" ">
      <subfield code="c">BK</subfield>
    </datafield>
    <datafield tag="952" ind1=" " ind2=" ">
      <subfield code="a">BIB_RECT</subfield>
      <subfield code="b">BIB_UACO</subfield>
      <subfield code="d">2010-11-24</subfield>
      <subfield code="y">BK</subfield>
      <subfield code="p">02-40408</subfield>
      <subfield code="i">02-40408</subfield>
      <subfield code="g">60</subfield>
      <subfield code="o">639.2 M298m</subfield>
      <subfield code="e">Bibl. y Servicio de Documentación INIDEP</subfield>
      <subfield code="8">CG</subfield>
    </datafield>
    <datafield tag="952" ind1=" " ind2=" ">
      <subfield code="a">BIB_RECT</subfield>
      <subfield code="b">BIB_UASJ</subfield>
      <subfield code="d">2006-11-17</subfield>
      <subfield code="y">BK</subfield>
      <subfield code="p">04-31110</subfield>
      <subfield code="i">04-31110</subfield>
      <subfield code="g">48</subfield>
      <subfield code="o">639.2 M298m</subfield>
      <subfield code="e">Donación</subfield>
      <subfield code="8">CG</subfield>
    </datafield>
    <datafield tag="952" ind1=" " ind2=" ">
      <subfield code="a">BIB_RECT</subfield>
      <subfield code="b">BIB_UASJ</subfield>
      <subfield code="d">2006-11-17</subfield>
      <subfield code="y">BK</subfield>
      <subfield code="p">04-31111</subfield>
      <subfield code="i">04-31111</subfield>
      <subfield code="g">48</subfield>
      <subfield code="o">639.2 M298m</subfield>
      <subfield code="e">Donación</subfield>
      <subfield code="8">CG</subfield>
    </datafield>
    <datafield tag="952" ind1=" " ind2=" ">
      <subfield code="a">BIB_RECT</subfield>
      <subfield code="b">BIB_UASJ</subfield>
      <subfield code="d">2008-08-26</subfield>
      <subfield code="y">BK</subfield>
      <subfield code="p">04-36339</subfield>
      <subfield code="i">04-36339</subfield>
      <subfield code="g">59</subfield>
      <subfield code="o">639.2 M298m</subfield>
      <subfield code="e">UASJ</subfield>
      <subfield code="8">CG</subfield>
    </datafield>
    <datafield tag="952" ind1=" " ind2=" ">
      <subfield code="a">BIB_RECT</subfield>
      <subfield code="b">BIB_UASJ</subfield>
      <subfield code="d">2008-08-26</subfield>
      <subfield code="y">BK</subfield>
      <subfield code="p">04-36340</subfield>
      <subfield code="i">04-36340</subfield>
      <subfield code="g">59</subfield>
      <subfield code="o">639.2 M298m</subfield>
      <subfield code="e">UASJ</subfield>
      <subfield code="8">CG</subfield>
    </datafield>
    <datafield tag="952" ind1=" " ind2=" ">
      <subfield code="a">BIB_RECT</subfield>
      <subfield code="b">BIB_UASJ</subfield>
      <subfield code="d">2017-11-21</subfield>
      <subfield code="y">BK</subfield>
      <subfield code="p">04-49324</subfield>
      <subfield code="i">04-49324</subfield>
      <subfield code="g">500</subfield>
      <subfield code="o">639.2 M298m</subfield>
      <subfield code="e">Compra SIUNPA/17</subfield>
      <subfield code="8">CG</subfield>
    </datafield>
    <datafield tag="952" ind1=" " ind2=" ">
      <subfield code="a">BIB_RECT</subfield>
      <subfield code="b">BIB_UARG</subfield>
      <subfield code="d">2006-08-23</subfield>
      <subfield code="y">BK</subfield>
      <subfield code="p">05-30647</subfield>
      <subfield code="i">05-30647</subfield>
      <subfield code="g">48</subfield>
      <subfield code="o">639.2 M298m</subfield>
      <subfield code="e">INIDEP/04</subfield>
      <subfield code="8">CG</subfield>
    </datafield>
    <datafield tag="952" ind1=" " ind2=" ">
      <subfield code="a">BIB_RECT</subfield>
      <subfield code="b">BIB_UARG</subfield>
      <subfield code="d">2006-05-23</subfield>
      <subfield code="y">BK</subfield>
      <subfield code="p">05-30648</subfield>
      <subfield code="i">05-30648</subfield>
      <subfield code="g">48</subfield>
      <subfield code="o">639.2 M298m</subfield>
      <subfield code="e">INIDEP/04</subfield>
      <subfield code="8">CG</subfield>
    </datafield>
    <datafield tag="952" ind1=" " ind2=" ">
      <subfield code="a">BIB_RECT</subfield>
      <subfield code="b">BIB_UARG</subfield>
      <subfield code="d">2006-08-23</subfield>
      <subfield code="y">BK</subfield>
      <subfield code="p">05-30649</subfield>
      <subfield code="i">05-30649</subfield>
      <subfield code="g">48</subfield>
      <subfield code="o">639.2 M298m</subfield>
      <subfield code="e">INIDEP/04</subfield>
      <subfield code="8">CG</subfield>
    </datafield>
  </record>