
  <record>
    <leader>01000aam  22002601a 4500</leader>
    <controlfield tag="001">YPZ16636</controlfield>
    <controlfield tag="003">YPZ</controlfield>
    <controlfield tag="005">200610311421290</controlfield>
    <controlfield tag="008">061031|###########||||||b||||||||||spa|d</controlfield>
    <datafield tag="020" ind1=" " ind2=" ">
      <subfield code="a">8493499501</subfield>
    </datafield>
    <datafield tag="040" ind1=" " ind2=" ">
      <subfield code="c">SIUNPA</subfield>
    </datafield>
    <datafield tag="041" ind1=" " ind2=" ">
      <subfield code="a">spa</subfield>
      <subfield code="a">por</subfield>
      <subfield code="a">cat</subfield>
      <subfield code="a">eng</subfield>
    </datafield>
    <datafield tag="044" ind1=" " ind2=" ">
      <subfield code="a">ES</subfield>
    </datafield>
    <datafield tag="080" ind1=" " ind2=" ">
      <subfield code="a">316.77 C741co</subfield>
    </datafield>
    <datafield tag="245" ind1=" " ind2=" ">
      <subfield code="a">Comunicación digital</subfield>
      <subfield code="b"> : competencias profesionales y desafíos académicos</subfield>
      <subfield code="c"> / Micó, Josep Lluis, tr. ; Coromina, Jordina, tr. ; Serrat, Jordi, tr. ; Lijtmaer, Lucía, tr. ; Massoni, Sandra, tr. ; Stonehouse, Catherine, tr. ; Canavilhas, Joao, tr. ; Scolari, Carlos, tr.</subfield>
    </datafield>
    <datafield tag="246" ind1=" " ind2=" ">
      <subfield code="a">Comunicaçâo digital.</subfield>
    </datafield>
    <datafield tag="246" ind1=" " ind2=" ">
      <subfield code="a">Comunicació digital.</subfield>
    </datafield>
    <datafield tag="246" ind1=" " ind2=" ">
      <subfield code="a">Digital communication.</subfield>
    </datafield>
    <datafield tag="250" ind1=" " ind2=" ">
      <subfield code="a">1a ed.</subfield>
    </datafield>
    <datafield tag="260" ind1=" " ind2=" ">
      <subfield code="a">[Barcelona]</subfield>
      <subfield code="b"> : Red Iberoamericana de Comunicación Digital, Red ICOD</subfield>
      <subfield code="c"> , 2006</subfield>
    </datafield>
    <datafield tag="300" ind1=" " ind2=" ">
      <subfield code="a">xxii, 895 p. : </subfield>
      <subfield code="b">il. ; </subfield>
      <subfield code="a">348 p. : </subfield>
      <subfield code="a">xxiii, 921 p. : </subfield>
      <subfield code="b">il. ; </subfield>
      <subfield code="a">137 p. : </subfield>
      <subfield code="a">xxxv, 1049 p. : </subfield>
      <subfield code="b">il. ; </subfield>
      <subfield code="a">3 v. : </subfield>
      <subfield code="a">173 p. : </subfield>
      <subfield code="a">204 p. : </subfield>
      <subfield code="a">171 p. : </subfield>
      <subfield code="a">182 p. : </subfield>
      <subfield code="a">178 p. : </subfield>
      <subfield code="a">397 p. : </subfield>
      <subfield code="b">il. ; </subfield>
      <subfield code="a">106 p. : </subfield>
      <subfield code="b">il. ; </subfield>
      <subfield code="a">95 p. : </subfield>
      <subfield code="b">il. ; </subfield>
      <subfield code="a">6 v. : </subfield>
      <subfield code="a">116, 93, 218 p. : </subfield>
      <subfield code="b">il. ; </subfield>
      <subfield code="a">103 p. : </subfield>
      <subfield code="b">il. ; </subfield>
      <subfield code="a">v. : </subfield>
      <subfield code="b">cuadros ; </subfield>
      <subfield code="a">605 p. : </subfield>
      <subfield code="b">il. ; </subfield>
      <subfield code="a">83, 83 p. : </subfield>
      <subfield code="b">il. ; </subfield>
      <subfield code="e">1 CD-ROM</subfield>
    </datafield>
    <datafield tag="500" ind1=" " ind2=" ">
      <subfield code="a">Otro subtítulo: competências profissionais e desafios académicos</subfield>
    </datafield>
    <datafield tag="500" ind1=" " ind2=" ">
      <subfield code="a">competències professionals i reptes acadèmics</subfield>
    </datafield>
    <datafield tag="500" ind1=" " ind2=" ">
      <subfield code="a">professional skills and academic challenges</subfield>
    </datafield>
    <datafield tag="650" ind1=" " ind2=" ">
      <subfield code="a"> COMUNICACION</subfield>
    </datafield>
    <datafield tag="650" ind1=" " ind2=" ">
      <subfield code="a"> MEDIOS DE COMUNICACION</subfield>
    </datafield>
    <datafield tag="650" ind1=" " ind2=" ">
      <subfield code="a"> TECNOLOGIA DE LA COMUNICACION</subfield>
    </datafield>
    <datafield tag="942" ind1=" " ind2=" ">
      <subfield code="c">BK</subfield>
    </datafield>
    <datafield tag="952" ind1=" " ind2=" ">
      <subfield code="a">BIB_RECT</subfield>
      <subfield code="b">BIB_UACO</subfield>
      <subfield code="d">2011-10-05</subfield>
      <subfield code="y">BK</subfield>
      <subfield code="p">02-41604</subfield>
      <subfield code="i">02-41604</subfield>
      <subfield code="g">30</subfield>
      <subfield code="o">316.77 C741co</subfield>
      <subfield code="e">Donación Prof. Pérez Rassetti</subfield>
      <subfield code="8">CG</subfield>
    </datafield>
    <datafield tag="952" ind1=" " ind2=" ">
      <subfield code="a">BIB_RECT</subfield>
      <subfield code="b">BIB_UASJ</subfield>
      <subfield code="d">2006-10-19</subfield>
      <subfield code="y">BK</subfield>
      <subfield code="p">04-31038</subfield>
      <subfield code="i">04-31038</subfield>
      <subfield code="g">44</subfield>
      <subfield code="o">316.77 C741co</subfield>
      <subfield code="e">Delegación Bs. As. UNPA</subfield>
      <subfield code="8">CG</subfield>
    </datafield>
    <datafield tag="952" ind1=" " ind2=" ">
      <subfield code="a">BIB_RECT</subfield>
      <subfield code="b">BIB_UASJ</subfield>
      <subfield code="d">2010-09-15</subfield>
      <subfield code="y">BK</subfield>
      <subfield code="p">04-39880</subfield>
      <subfield code="i">04-39880</subfield>
      <subfield code="g">49</subfield>
      <subfield code="o">316.77 C741co</subfield>
      <subfield code="e">Donación</subfield>
      <subfield code="8">CG</subfield>
    </datafield>
    <datafield tag="952" ind1=" " ind2=" ">
      <subfield code="a">BIB_RECT</subfield>
      <subfield code="b">BIB_UARG</subfield>
      <subfield code="d">2007-08-29</subfield>
      <subfield code="y">BK</subfield>
      <subfield code="p">05-33139</subfield>
      <subfield code="i">05-33139</subfield>
      <subfield code="g">49</subfield>
      <subfield code="o">316.77 C741co</subfield>
      <subfield code="e">Donación Bergero, Iris</subfield>
      <subfield code="8">CG</subfield>
    </datafield>
    <datafield tag="952" ind1=" " ind2=" ">
      <subfield code="a">BIB_RECT</subfield>
      <subfield code="b">BIB_UARG</subfield>
      <subfield code="d">2008-03-10</subfield>
      <subfield code="y">BK</subfield>
      <subfield code="p">05-34570</subfield>
      <subfield code="i">05-34570</subfield>
      <subfield code="g">59</subfield>
      <subfield code="o">316.77 C741co</subfield>
      <subfield code="e">Donación Sec. de Extensión</subfield>
      <subfield code="8">CG</subfield>
    </datafield>
  </record>