
  <record>
    <leader>01000aam  22002601a 4500</leader>
    <controlfield tag="001">YPZ16685</controlfield>
    <controlfield tag="003">YPZ</controlfield>
    <controlfield tag="005">200611171105280</controlfield>
    <controlfield tag="008">061117|###########||||||b||||||||||spa|d</controlfield>
    <datafield tag="020" ind1=" " ind2=" ">
      <subfield code="a">9501254097</subfield>
    </datafield>
    <datafield tag="040" ind1=" " ind2=" ">
      <subfield code="c">SIUNPA</subfield>
    </datafield>
    <datafield tag="041" ind1=" " ind2=" ">
      <subfield code="a">spa</subfield>
    </datafield>
    <datafield tag="044" ind1=" " ind2=" ">
      <subfield code="a">AR</subfield>
    </datafield>
    <datafield tag="080" ind1=" " ind2=" ">
      <subfield code="a">316.34 D473d</subfield>
    </datafield>
    <datafield tag="245" ind1=" " ind2=" ">
      <subfield code="a">Después de Germani</subfield>
      <subfield code="b"> : exploraciones sobre estructura social de la Argentina</subfield>
      <subfield code="c"> / Jorrat, Jorge Raúl, comp. ; Sautu, Ruth, comp.</subfield>
    </datafield>
    <datafield tag="250" ind1=" " ind2=" ">
      <subfield code="a">1a ed.</subfield>
    </datafield>
    <datafield tag="260" ind1=" " ind2=" ">
      <subfield code="a">Buenos Aires</subfield>
      <subfield code="b"> : Paidós</subfield>
      <subfield code="c"> , 1992</subfield>
    </datafield>
    <datafield tag="650" ind1=" " ind2=" ">
      <subfield code="a"> SOCIOLOGIA</subfield>
    </datafield>
    <datafield tag="650" ind1=" " ind2=" ">
      <subfield code="a"> ESTRATIFICACION SOCIAL</subfield>
    </datafield>
    <datafield tag="650" ind1=" " ind2=" ">
      <subfield code="a"> GERMANI, GINO</subfield>
    </datafield>
    <datafield tag="650" ind1=" " ind2=" ">
      <subfield code="a"> HISTORIA ARGENTINA</subfield>
    </datafield>
    <datafield tag="942" ind1=" " ind2=" ">
      <subfield code="c">BK</subfield>
    </datafield>
    <datafield tag="952" ind1=" " ind2=" ">
      <subfield code="a">BIB_RECT</subfield>
      <subfield code="b">BIB_UACO</subfield>
      <subfield code="d">2008-10-21</subfield>
      <subfield code="y">BK</subfield>
      <subfield code="p">02-03617</subfield>
      <subfield code="i">02-03617</subfield>
      <subfield code="g">35</subfield>
      <subfield code="o">316.34 D473d</subfield>
      <subfield code="e">Administración</subfield>
      <subfield code="8">CG</subfield>
    </datafield>
    <datafield tag="952" ind1=" " ind2=" ">
      <subfield code="a">BIB_RECT</subfield>
      <subfield code="b">BIB_UARG</subfield>
      <subfield code="d">2006-09-18</subfield>
      <subfield code="y">BK</subfield>
      <subfield code="p">05-30800</subfield>
      <subfield code="i">05-30800</subfield>
      <subfield code="g">25</subfield>
      <subfield code="o">316.34 D473d</subfield>
      <subfield code="e">Proyecto de investigación 29/A040</subfield>
      <subfield code="8">CG</subfield>
    </datafield>
  </record>