
  <record>
    <leader>01000aam  22002601a 4500</leader>
    <controlfield tag="001">YPZ16692</controlfield>
    <controlfield tag="003">YPZ</controlfield>
    <controlfield tag="005">200611201056270</controlfield>
    <controlfield tag="008">061120|###########||||||b||||||||||spa|d</controlfield>
    <datafield tag="020" ind1=" " ind2=" ">
      <subfield code="a">9509003603</subfield>
    </datafield>
    <datafield tag="040" ind1=" " ind2=" ">
      <subfield code="c">SIUNPA</subfield>
    </datafield>
    <datafield tag="041" ind1=" " ind2=" ">
      <subfield code="a">spa</subfield>
    </datafield>
    <datafield tag="044" ind1=" " ind2=" ">
      <subfield code="a">AR</subfield>
    </datafield>
    <datafield tag="080" ind1=" " ind2=" ">
      <subfield code="a">E13/4</subfield>
    </datafield>
    <datafield tag="100" ind1=" " ind2=" ">
      <subfield code="a">Levinas, Marcelo Leonardo.</subfield>
    </datafield>
    <datafield tag="245" ind1=" " ind2=" ">
      <subfield code="a">Ciencia con creatividad</subfield>
    </datafield>
    <datafield tag="250" ind1=" " ind2=" ">
      <subfield code="a">4a ed.</subfield>
    </datafield>
    <datafield tag="260" ind1=" " ind2=" ">
      <subfield code="a">Buenos Aires</subfield>
      <subfield code="b"> : Aique</subfield>
      <subfield code="c"> , 1994</subfield>
    </datafield>
    <datafield tag="440" ind1=" " ind2=" ">
      <subfield code="a">Biblioteca del DSM-IV</subfield>
      <subfield code="a">Filosofía. Serie Cla-de-ma</subfield>
      <subfield code="a">Filosofía e Historia</subfield>
      <subfield code="a">La vida del espiritu</subfield>
      <subfield code="a">Colección desarrollos sistémicos</subfield>
      <subfield code="a">Publicaciones especiales INIDEP</subfield>
      <subfield code="a">Constituciones</subfield>
      <subfield code="a">Memoria argentina</subfield>
      <subfield code="a">Memoria argentina</subfield>
      <subfield code="a">Estado y sociedad</subfield>
      <subfield code="a">Controversia</subfield>
    </datafield>
    <datafield tag="490" ind1=" " ind2=" ">
      <subfield code="a">Biblioteca del DSM-IV</subfield>
      <subfield code="a">Filosofía. Serie Cla-de-ma</subfield>
      <subfield code="a">Filosofía e Historia</subfield>
      <subfield code="a">La vida del espiritu</subfield>
      <subfield code="a">Colección desarrollos sistémicos</subfield>
      <subfield code="a">Publicaciones especiales INIDEP</subfield>
      <subfield code="a">Constituciones</subfield>
      <subfield code="a">Memoria argentina</subfield>
      <subfield code="a">Memoria argentina</subfield>
      <subfield code="a">Estado y sociedad</subfield>
      <subfield code="a">Controversia</subfield>
    </datafield>
    <datafield tag="942" ind1=" " ind2=" ">
      <subfield code="c">BK</subfield>
    </datafield>
    <datafield tag="952" ind1=" " ind2=" ">
      <subfield code="a">BIB_RECT</subfield>
      <subfield code="b">BIB_UART</subfield>
      <subfield code="d">2006-11-20</subfield>
      <subfield code="y">BK</subfield>
      <subfield code="p">03-00006</subfield>
      <subfield code="i">03-00006</subfield>
      <subfield code="g">0</subfield>
      <subfield code="o">E13/4</subfield>
      <subfield code="e">UFPA</subfield>
      <subfield code="8">CG</subfield>
    </datafield>
  </record>