
  <record>
    <leader>01000aam  22002601a 4500</leader>
    <controlfield tag="001">YPZ16916</controlfield>
    <controlfield tag="003">YPZ</controlfield>
    <controlfield tag="005">200611201056280</controlfield>
    <controlfield tag="008">061120|###########||||||b||||||||||spa|d</controlfield>
    <datafield tag="020" ind1=" " ind2=" ">
      <subfield code="a">9509967661</subfield>
    </datafield>
    <datafield tag="040" ind1=" " ind2=" ">
      <subfield code="c">SIUNPA</subfield>
    </datafield>
    <datafield tag="041" ind1=" " ind2=" ">
      <subfield code="a">spa</subfield>
    </datafield>
    <datafield tag="044" ind1=" " ind2=" ">
      <subfield code="a">AR</subfield>
    </datafield>
    <datafield tag="080" ind1=" " ind2=" ">
      <subfield code="a">E10/3</subfield>
    </datafield>
    <datafield tag="100" ind1=" " ind2=" ">
      <subfield code="a">Martínez Guarino, Ramón.</subfield>
    </datafield>
    <datafield tag="245" ind1=" " ind2=" ">
      <subfield code="a">Reforma del estado y microplaneamiento</subfield>
    </datafield>
    <datafield tag="260" ind1=" " ind2=" ">
      <subfield code="a">Buenos Aires</subfield>
      <subfield code="b"> : Hvmanitas</subfield>
      <subfield code="b"> : La Colmena</subfield>
      <subfield code="c"> , 1991</subfield>
    </datafield>
    <datafield tag="942" ind1=" " ind2=" ">
      <subfield code="c">BK</subfield>
    </datafield>
    <datafield tag="952" ind1=" " ind2=" ">
      <subfield code="a">BIB_RECT</subfield>
      <subfield code="b">BIB_UART</subfield>
      <subfield code="d">2006-11-20</subfield>
      <subfield code="y">BK</subfield>
      <subfield code="p">03-00706</subfield>
      <subfield code="i">03-00706</subfield>
      <subfield code="g">6.5</subfield>
      <subfield code="o">E10/3</subfield>
      <subfield code="e">FOMEC ORDEN 26/98</subfield>
      <subfield code="8">CG</subfield>
    </datafield>
    <datafield tag="952" ind1=" " ind2=" ">
      <subfield code="a">BIB_RECT</subfield>
      <subfield code="b">BIB_UART</subfield>
      <subfield code="d">2006-11-20</subfield>
      <subfield code="y">BK</subfield>
      <subfield code="p">03-00707</subfield>
      <subfield code="i">03-00707</subfield>
      <subfield code="g">6.5</subfield>
      <subfield code="o">E10/3</subfield>
      <subfield code="e">FOMEC ORDEN 26/98</subfield>
      <subfield code="8">CG</subfield>
    </datafield>
    <datafield tag="952" ind1=" " ind2=" ">
      <subfield code="a">BIB_RECT</subfield>
      <subfield code="b">BIB_UART</subfield>
      <subfield code="d">2006-11-20</subfield>
      <subfield code="y">BK</subfield>
      <subfield code="p">03-00708</subfield>
      <subfield code="i">03-00708</subfield>
      <subfield code="g">6.5</subfield>
      <subfield code="o">E10/3</subfield>
      <subfield code="e">FOMEC ORDEN 26/98</subfield>
      <subfield code="8">CG</subfield>
    </datafield>
    <datafield tag="952" ind1=" " ind2=" ">
      <subfield code="a">BIB_RECT</subfield>
      <subfield code="b">BIB_UART</subfield>
      <subfield code="d">2006-11-20</subfield>
      <subfield code="y">BK</subfield>
      <subfield code="p">03-00709</subfield>
      <subfield code="i">03-00709</subfield>
      <subfield code="g">6.5</subfield>
      <subfield code="o">E10/3</subfield>
      <subfield code="e">FOMEC ORDEN 26/98</subfield>
      <subfield code="8">CG</subfield>
    </datafield>
    <datafield tag="952" ind1=" " ind2=" ">
      <subfield code="a">BIB_RECT</subfield>
      <subfield code="b">BIB_UART</subfield>
      <subfield code="d">2006-11-20</subfield>
      <subfield code="y">BK</subfield>
      <subfield code="p">03-00710</subfield>
      <subfield code="i">03-00710</subfield>
      <subfield code="g">6.5</subfield>
      <subfield code="o">E10/3</subfield>
      <subfield code="e">FOMEC ORDEN 26/98</subfield>
      <subfield code="8">CG</subfield>
    </datafield>
    <datafield tag="952" ind1=" " ind2=" ">
      <subfield code="a">BIB_RECT</subfield>
      <subfield code="b">BIB_UART</subfield>
      <subfield code="d">2006-11-20</subfield>
      <subfield code="y">BK</subfield>
      <subfield code="p">03-00711</subfield>
      <subfield code="i">03-00711</subfield>
      <subfield code="g">6.5</subfield>
      <subfield code="o">E10/3</subfield>
      <subfield code="e">FOMEC ORDEN 26/98</subfield>
      <subfield code="8">CG</subfield>
    </datafield>
  </record>