
  <record>
    <leader>01000aam  22002601a 4500</leader>
    <controlfield tag="001">YPZ16939</controlfield>
    <controlfield tag="003">YPZ</controlfield>
    <controlfield tag="005">200611201056280</controlfield>
    <controlfield tag="008">061120|###########||||||b||||||||||spa|d</controlfield>
    <datafield tag="020" ind1=" " ind2=" ">
      <subfield code="a">9505083610 (o.c.)</subfield>
    </datafield>
    <datafield tag="020" ind1=" " ind2=" ">
      <subfield code="a">9505083629 (t.1)</subfield>
    </datafield>
    <datafield tag="020" ind1=" " ind2=" ">
      <subfield code="a">9505083637 (t.2)</subfield>
    </datafield>
    <datafield tag="040" ind1=" " ind2=" ">
      <subfield code="c">SIUNPA</subfield>
    </datafield>
    <datafield tag="041" ind1=" " ind2=" ">
      <subfield code="a">spa</subfield>
    </datafield>
    <datafield tag="044" ind1=" " ind2=" ">
      <subfield code="a">AR</subfield>
    </datafield>
    <datafield tag="080" ind1=" " ind2=" ">
      <subfield code="a">E1/2</subfield>
    </datafield>
    <datafield tag="100" ind1=" " ind2=" ">
      <subfield code="a">Ghersi, Carlos Alberto.</subfield>
    </datafield>
    <datafield tag="245" ind1=" " ind2=" ">
      <subfield code="a">Contratos civiles y comerciales</subfield>
      <subfield code="b"> : partes general y especial. Empresas. Negocios. Consumidores</subfield>
      <subfield code="c"> / Barbier, Eduardo, colab. ; Batan, Adriana, Colab. ; Benítez, Elsa, colab. ; Boietti, Cristina, colab. ; Francescut, Daniela, colab. ; Goldsztein, Marote, colab. ; Ippolito, Silvia, colab. ; Katz, Salomón, colab. ; Lovece, Graciela, colab. ; Molina, Inés, colab. ; Solignac, Nidia, colab. ; Taiah, Jorge, colab. ; Weingarten, Celia, colab. ; Zentner, Diego, colab.</subfield>
    </datafield>
    <datafield tag="250" ind1=" " ind2=" ">
      <subfield code="a">4a ed. actualizada y amp.</subfield>
    </datafield>
    <datafield tag="260" ind1=" " ind2=" ">
      <subfield code="a">Buenos Aires</subfield>
      <subfield code="b"> : Astrea</subfield>
      <subfield code="c"> , 1998</subfield>
    </datafield>
    <datafield tag="942" ind1=" " ind2=" ">
      <subfield code="c">BK</subfield>
    </datafield>
    <datafield tag="952" ind1=" " ind2=" ">
      <subfield code="a">BIB_RECT</subfield>
      <subfield code="b">BIB_UART</subfield>
      <subfield code="d">2006-11-20</subfield>
      <subfield code="y">BK</subfield>
      <subfield code="p">03-00796</subfield>
      <subfield code="i">03-00796</subfield>
      <subfield code="g">0</subfield>
      <subfield code="o">E1/2</subfield>
      <subfield code="e">FOMEC O/C N° 38/99</subfield>
      <subfield code="8">CG</subfield>
    </datafield>
    <datafield tag="952" ind1=" " ind2=" ">
      <subfield code="a">BIB_RECT</subfield>
      <subfield code="b">BIB_UART</subfield>
      <subfield code="d">2006-11-20</subfield>
      <subfield code="y">BK</subfield>
      <subfield code="p">03-00797</subfield>
      <subfield code="i">03-00797</subfield>
      <subfield code="g">0</subfield>
      <subfield code="o">E1/2</subfield>
      <subfield code="e">FOMEC O/C N° 38/99</subfield>
      <subfield code="8">CG</subfield>
    </datafield>
    <datafield tag="952" ind1=" " ind2=" ">
      <subfield code="a">BIB_RECT</subfield>
      <subfield code="b">BIB_UART</subfield>
      <subfield code="d">2006-11-20</subfield>
      <subfield code="y">BK</subfield>
      <subfield code="p">03-00798</subfield>
      <subfield code="i">03-00798</subfield>
      <subfield code="g">0</subfield>
      <subfield code="o">E1/2</subfield>
      <subfield code="e">FOMEC O/C N° 38/99</subfield>
      <subfield code="8">CG</subfield>
    </datafield>
  </record>