
  <record>
    <leader>01000aam  22002601a 4500</leader>
    <controlfield tag="001">YPZ17035</controlfield>
    <controlfield tag="003">YPZ</controlfield>
    <controlfield tag="005">200611201056280</controlfield>
    <controlfield tag="008">061120|###########||||||b||||||||||spa|d</controlfield>
    <datafield tag="020" ind1=" " ind2=" ">
      <subfield code="a">8448108329</subfield>
    </datafield>
    <datafield tag="040" ind1=" " ind2=" ">
      <subfield code="c">SIUNPA</subfield>
    </datafield>
    <datafield tag="041" ind1=" " ind2=" ">
      <subfield code="a">spa</subfield>
    </datafield>
    <datafield tag="044" ind1=" " ind2=" ">
      <subfield code="a">ES</subfield>
    </datafield>
    <datafield tag="080" ind1=" " ind2=" ">
      <subfield code="a">E1/5</subfield>
    </datafield>
    <datafield tag="100" ind1=" " ind2=" ">
      <subfield code="a">Gimeno Ullastres, Juan Antonio.</subfield>
    </datafield>
    <datafield tag="700" ind1=" " ind2=" ">
      <subfield code="a">Guirola López, José Manuel.</subfield>
    </datafield>
    <datafield tag="245" ind1=" " ind2=" ">
      <subfield code="a">Introducción a la economía</subfield>
      <subfield code="b"> : microeconomía</subfield>
    </datafield>
    <datafield tag="250" ind1=" " ind2=" ">
      <subfield code="a">1a ed.</subfield>
    </datafield>
    <datafield tag="260" ind1=" " ind2=" ">
      <subfield code="a">Madrid</subfield>
      <subfield code="b"> : McGraw-Hill</subfield>
      <subfield code="c"> , 1997</subfield>
    </datafield>
    <datafield tag="942" ind1=" " ind2=" ">
      <subfield code="c">BK</subfield>
    </datafield>
    <datafield tag="952" ind1=" " ind2=" ">
      <subfield code="a">BIB_RECT</subfield>
      <subfield code="b">BIB_UART</subfield>
      <subfield code="d">2006-11-20</subfield>
      <subfield code="y">BK</subfield>
      <subfield code="p">03-01015</subfield>
      <subfield code="i">03-01015</subfield>
      <subfield code="g">21</subfield>
      <subfield code="o">E1/5</subfield>
      <subfield code="e">FOMEC O/C. 040/99</subfield>
      <subfield code="8">CG</subfield>
    </datafield>
  </record>