
  <record>
    <leader>01000aam  22002601a 4500</leader>
    <controlfield tag="001">YPZ17185</controlfield>
    <controlfield tag="003">YPZ</controlfield>
    <controlfield tag="005">200611201056280</controlfield>
    <controlfield tag="008">061120|###########||||||b||||||||||spa|d</controlfield>
    <datafield tag="020" ind1=" " ind2=" ">
      <subfield code="a">9505133375</subfield>
    </datafield>
    <datafield tag="040" ind1=" " ind2=" ">
      <subfield code="c">SIUNPA</subfield>
    </datafield>
    <datafield tag="041" ind1=" " ind2=" ">
      <subfield code="a">spa</subfield>
    </datafield>
    <datafield tag="044" ind1=" " ind2=" ">
      <subfield code="a">AR</subfield>
    </datafield>
    <datafield tag="080" ind1=" " ind2=" ">
      <subfield code="a">E10/4</subfield>
    </datafield>
    <datafield tag="100" ind1=" " ind2=" ">
      <subfield code="a">Drisaldi, Rita.</subfield>
    </datafield>
    <datafield tag="245" ind1=" " ind2=" ">
      <subfield code="a">Sueños persistentes</subfield>
    </datafield>
    <datafield tag="260" ind1=" " ind2=" ">
      <subfield code="a">Buenos Aires</subfield>
      <subfield code="b"> : Botella al Mar</subfield>
      <subfield code="c"> , 2001</subfield>
    </datafield>
    <datafield tag="942" ind1=" " ind2=" ">
      <subfield code="c">BK</subfield>
    </datafield>
    <datafield tag="952" ind1=" " ind2=" ">
      <subfield code="a">BIB_RECT</subfield>
      <subfield code="b">BIB_UART</subfield>
      <subfield code="d">2006-11-20</subfield>
      <subfield code="y">BK</subfield>
      <subfield code="p">03-01394</subfield>
      <subfield code="i">03-01394</subfield>
      <subfield code="g">0</subfield>
      <subfield code="o">E10/4</subfield>
      <subfield code="e">DECANATO MEMO 63/01</subfield>
      <subfield code="8">CG</subfield>
    </datafield>
    <datafield tag="952" ind1=" " ind2=" ">
      <subfield code="a">BIB_RECT</subfield>
      <subfield code="b">BIB_UART</subfield>
      <subfield code="d">2006-11-20</subfield>
      <subfield code="y">BK</subfield>
      <subfield code="p">03-01477</subfield>
      <subfield code="i">03-01477</subfield>
      <subfield code="g">0</subfield>
      <subfield code="o">E10/4</subfield>
      <subfield code="e">DECANATO MEMO 63/01</subfield>
      <subfield code="8">CG</subfield>
    </datafield>
    <datafield tag="952" ind1=" " ind2=" ">
      <subfield code="a">BIB_RECT</subfield>
      <subfield code="b">BIB_UART</subfield>
      <subfield code="d">2006-11-20</subfield>
      <subfield code="y">BK</subfield>
      <subfield code="p">03-01478</subfield>
      <subfield code="i">03-01478</subfield>
      <subfield code="g">0</subfield>
      <subfield code="o">E10/4</subfield>
      <subfield code="e">DECANATO MEMO 63/01</subfield>
      <subfield code="8">CG</subfield>
    </datafield>
    <datafield tag="952" ind1=" " ind2=" ">
      <subfield code="a">BIB_RECT</subfield>
      <subfield code="b">BIB_UART</subfield>
      <subfield code="d">2006-11-20</subfield>
      <subfield code="y">BK</subfield>
      <subfield code="p">03-01479</subfield>
      <subfield code="i">03-01479</subfield>
      <subfield code="g">0</subfield>
      <subfield code="o">E10/4</subfield>
      <subfield code="e">DECANATO MEMO 63/01</subfield>
      <subfield code="8">CG</subfield>
    </datafield>
    <datafield tag="952" ind1=" " ind2=" ">
      <subfield code="a">BIB_RECT</subfield>
      <subfield code="b">BIB_UART</subfield>
      <subfield code="d">2006-11-20</subfield>
      <subfield code="y">BK</subfield>
      <subfield code="p">03-01480</subfield>
      <subfield code="i">03-01480</subfield>
      <subfield code="g">0</subfield>
      <subfield code="o">E10/4</subfield>
      <subfield code="e">DECANATO MEMO 63/01</subfield>
      <subfield code="8">CG</subfield>
    </datafield>
    <datafield tag="952" ind1=" " ind2=" ">
      <subfield code="a">BIB_RECT</subfield>
      <subfield code="b">BIB_UART</subfield>
      <subfield code="d">2006-11-20</subfield>
      <subfield code="y">BK</subfield>
      <subfield code="p">03-01481</subfield>
      <subfield code="i">03-01481</subfield>
      <subfield code="g">0</subfield>
      <subfield code="o">E10/4</subfield>
      <subfield code="e">DECANATO MEMO 63/01</subfield>
      <subfield code="8">CG</subfield>
    </datafield>
    <datafield tag="952" ind1=" " ind2=" ">
      <subfield code="a">BIB_RECT</subfield>
      <subfield code="b">BIB_UART</subfield>
      <subfield code="d">2006-11-20</subfield>
      <subfield code="y">BK</subfield>
      <subfield code="p">03-01482</subfield>
      <subfield code="i">03-01482</subfield>
      <subfield code="g">0</subfield>
      <subfield code="o">E10/4</subfield>
      <subfield code="e">DECANATO MEMO 63/01</subfield>
      <subfield code="8">CG</subfield>
    </datafield>
    <datafield tag="952" ind1=" " ind2=" ">
      <subfield code="a">BIB_RECT</subfield>
      <subfield code="b">BIB_UART</subfield>
      <subfield code="d">2006-11-20</subfield>
      <subfield code="y">BK</subfield>
      <subfield code="p">03-01483</subfield>
      <subfield code="i">03-01483</subfield>
      <subfield code="g">0</subfield>
      <subfield code="o">E10/4</subfield>
      <subfield code="e">DECANATO MEMO 63/01</subfield>
      <subfield code="8">CG</subfield>
    </datafield>
    <datafield tag="952" ind1=" " ind2=" ">
      <subfield code="a">BIB_RECT</subfield>
      <subfield code="b">BIB_UART</subfield>
      <subfield code="d">2006-11-20</subfield>
      <subfield code="y">BK</subfield>
      <subfield code="p">03-01484</subfield>
      <subfield code="i">03-01484</subfield>
      <subfield code="g">0</subfield>
      <subfield code="o">E10/4</subfield>
      <subfield code="e">DECANATO MEMO 63/01</subfield>
      <subfield code="8">CG</subfield>
    </datafield>
    <datafield tag="952" ind1=" " ind2=" ">
      <subfield code="a">BIB_RECT</subfield>
      <subfield code="b">BIB_UART</subfield>
      <subfield code="d">2006-11-20</subfield>
      <subfield code="y">BK</subfield>
      <subfield code="p">03-01485</subfield>
      <subfield code="i">03-01485</subfield>
      <subfield code="g">0</subfield>
      <subfield code="o">E10/4</subfield>
      <subfield code="e">DECANATO MEMO 63/01</subfield>
      <subfield code="8">CG</subfield>
    </datafield>
    <datafield tag="952" ind1=" " ind2=" ">
      <subfield code="a">BIB_RECT</subfield>
      <subfield code="b">BIB_UART</subfield>
      <subfield code="d">2006-11-20</subfield>
      <subfield code="y">BK</subfield>
      <subfield code="p">03-01486</subfield>
      <subfield code="i">03-01486</subfield>
      <subfield code="g">0</subfield>
      <subfield code="o">E10/4</subfield>
      <subfield code="e">DECANATO MEMO 63/01</subfield>
      <subfield code="8">CG</subfield>
    </datafield>
    <datafield tag="952" ind1=" " ind2=" ">
      <subfield code="a">BIB_RECT</subfield>
      <subfield code="b">BIB_UART</subfield>
      <subfield code="d">2006-11-20</subfield>
      <subfield code="y">BK</subfield>
      <subfield code="p">03-01487</subfield>
      <subfield code="i">03-01487</subfield>
      <subfield code="g">0</subfield>
      <subfield code="o">E10/4</subfield>
      <subfield code="e">DECANATO MEMO 63/01</subfield>
      <subfield code="8">CG</subfield>
    </datafield>
    <datafield tag="952" ind1=" " ind2=" ">
      <subfield code="a">BIB_RECT</subfield>
      <subfield code="b">BIB_UART</subfield>
      <subfield code="d">2006-11-20</subfield>
      <subfield code="y">BK</subfield>
      <subfield code="p">03-01488</subfield>
      <subfield code="i">03-01488</subfield>
      <subfield code="g">0</subfield>
      <subfield code="o">E10/4</subfield>
      <subfield code="e">DECANATO MEMO 63/01</subfield>
      <subfield code="8">CG</subfield>
    </datafield>
    <datafield tag="952" ind1=" " ind2=" ">
      <subfield code="a">BIB_RECT</subfield>
      <subfield code="b">BIB_UART</subfield>
      <subfield code="d">2006-11-20</subfield>
      <subfield code="y">BK</subfield>
      <subfield code="p">03-01489</subfield>
      <subfield code="i">03-01489</subfield>
      <subfield code="g">0</subfield>
      <subfield code="o">E10/4</subfield>
      <subfield code="e">DECANATO MEMO 63/01</subfield>
      <subfield code="8">CG</subfield>
    </datafield>
  </record>